@article{rr-paper,
  author       = {Robert O'Callahan and
                  Chris Jones and
                  Nathan Froyd and
                  Kyle Huey and
                  Albert Noll and
                  Nimrod Partush},
  title        = {Engineering Record And Replay For Deployability: Extended Technical
                  Report},
  journal      = {CoRR},
  volume       = {abs/1705.05937},
  year         = {2017},
  url          = {http://arxiv.org/abs/1705.05937},
  eprinttype    = {arXiv},
  eprint       = {1705.05937},
  timestamp    = {Mon, 13 Aug 2018 16:49:11 +0200},
  biburl       = {https://dblp.org/rec/journals/corr/OCallahanJFHNP17.bib},
  bibsource    = {dblp computer science bibliography, https://dblp.org}
}